@book{clrs,
  address = {Cambridge, {MA}},
  author = {Thomas H Cormen and Charles E Leiserson and Ronald L Rivest and Clifford Stein},
  edition = {Second},
  publisher = {{MIT} Press},
  title = {Introduction to Algorithms},
  year = 2001,
}

@inproceedings{314324,
 author = {LaMarca, Anthony and Ladner, Richard E.},
 title = {The influence of caches on the performance of sorting},
 booktitle = {{SODA '97: Proceedings of the eighth annual ACM-SIAM symposium on Discrete algorithms}},
 year = {1997},
 isbn = {0-89871-390-0},
 pages = {370--379},
 location = {New Orleans, Louisiana, United States},
 publisher = {Society for Industrial and Applied Mathematics},
 address = {Philadelphia, PA, USA},
}
